@extarticle{Grimm2006115,
title = "A standard protocol for describing individual-based and agent-based models ",
journal = "Ecological Modelling ",
volume = "198",
number = "1–2",
pages = "115 - 126",
year = "2006",
note = "",
issn = "0304-3800",
doi = "http://dx.doi.org/10.1016/j.ecolmodel.2006.04.023",
url = "http://www.sciencedirect.com/science/article/pii/S0304380006002043",
author = "Volker Grimm and Uta Berger and Finn Bastiansen and Sigrunn Eliassen and Vincent Ginot and Jarl Giske and John Goss-Custard and Tamara Grand and Simone K. Heinz and Geir Huse and Andreas Huth and Jane U. Jepsen and Christian Jørgensen and Wolf M. Mooij and Birgit Müller and Guy Pe’er and Cyril Piou and Steven F. Railsback and Andrew M. Robbins and Martha M. Robbins and Eva Rossmanith and Nadja Rüger and Espen Strand and Sami Souissi and Richard A. Stillman and Rune Vabø and Ute Visser and Donald L. DeAngelis",
keywords = "Individual-based model",
keywords = "Agent-based model",
keywords = "Model description",
keywords = "Scientific communication",
keywords = "Standardization "
}
@extarticle{grim05,
title = "Individual-Based Modeling and Ecology",
journal = "Ecological Engineering ",
number = "1",
pages = "115 - 116",
year = "2005",
note = "",
issn = "0925-8574",
doi = "http://dx.doi.org/10.1016/j.ecoleng.2006.05.011",
url = "http://www.sciencedirect.com/science/article/pii/S0925857406000942",
author = "Volker Grimm and Steven F. Railsback"
}
@extarticle{Grimm20102760,
title = "The ODD protocol: A review and first update ",
journal = "Ecological Modelling ",
volume = "221",
number = "23",
pages = "2760 - 2768",
year = "2010",
note = "",
issn = "0304-3800",
doi = "http://dx.doi.org/10.1016/j.ecolmodel.2010.08.019",
url = "http://www.sciencedirect.com/science/article/pii/S030438001000414X",
author = "Volker Grimm and Uta Berger and Donald L. DeAngelis and J. Gary Polhill and Jarl Giske and Steven F. Railsback",
keywords = "Model description",
keywords = "Model formulation",
keywords = "Model replication",
keywords = "Scientific communication",
keywords = "Standardization "
}

@PhdThesis{nngv,
author = {Nguyen Nhi Gia Vinh},
title = {Designing multi-scale models to support environmental decision: Application to the control of Brown Plant Hopper invasions in the Mekong Delta (Vietnam)},
school = {University of Paris 6},
year = {Oct. 31st, 2013},
OPTmonth = {Oct. 31st, 2013}
}
@Book{sachhd1,
title = {Hướng dẫn kỹ thuật phòng trừ bệnh vàng lùn, lùn xoắn lá, lùn sọc đen hại lúa},
publisher = {Công ty cổ phần Bảo vệ thực vật I Trung ương},
year = {2010}
}
@Book{sachhd2,
title = {Sổ tay quy trình kĩ thuật quản lí rầy bệnh lùn sọc đen hại lúa},
publisher = {Sở Nông nghiệp và Phát triển nông thôn, Chi cục bảo vệ thực vật Nam Định,},
year = {2012}
}

@Article{tltk7,
author = {K.L. Heong , B. Hardy},
title = {Planthoppers: new threats to the sustainability of intensive rice production systems in Asia},
journal = {Los Baños (Philippines): International Rice Research Institute (IRRI)},
year = {2009}
}

@Article{tltk8,
author = {H.V. Chien, M.M. Escalada, N.V. Toan},
title = {An Giang Province Launches Ecological Engineering with Street Parade and FlowerPlanting},
journal = {http://ricehoppers.net/2011/04/an-giang-province-launches-ecological-engineering-with-street-parade-and-flower-planting/},
year = {2011}
}
@Article{tltk9,
author = {Võ Đăng Lân, Hứa Quyết Chiến},
title = {Khảo sát sự hạn chế phát triển bệnh vàng lùn trên cây lúa của chế phẩm Exin R},
year = {2012}
}

@Article{tltk10,
author = {Trần Hữu Hiệp},
title = {Định danh gạo Việt, www.sggp.org.vn/theodongthoisu/2015/1/373353/}
}
@book{tltk11,
author = {A. Drogoul et al.},
title = {Gama simulation platform, http://code.google.com/p/gama-platform/}
}

@article{tltk12,
author = {A. Drogoul, D. Vanbergue and T.Meurisse},
title = {Multi-agent based simulation: Where are the agents?},
journal = {Lecture Notes in Computer Science, Springer Press},
volume = {2581},
pages = {43- 49},
year = {2003}
}

@article{tltk13,
author = {V.G.N. Nguyen, H.X. Huynh, T.T. Vo and A. Drogoul},
title = {On weather affecting to brown plant hopper invasion using an agent-based model, Proceedings of the International Conference on Management of Emergent Digital EcoSystems},
journal = {MEDES2011, ACM Press},
pages = {150-157},
year = {2011}
}

@article{tltk14,
author = {Holt, J, et al},
title = {Risk assessment for rice planthopper and tungro disease outbreaks. Crop Protection},
journal = {Lecture Notes in Computer Science, Springer Press},
pages = {359-368},
year = {1996}
}

@incollection{GAMA,
year={2013},
isbn={978-3-642-44926-0},
booktitle={PRIMA 2013: Principles and Practice of Multi-Agent Systems},
volume={8291},
series={Lecture Notes in Computer Science},
editor={Boella, Guido and Elkind, Edith and Savarimuthu, BastinTonyRoy and Dignum, Frank and Purvis, MartinK.},
doi={10.1007/978-3-642-44927-7_9},
title={GAMA 1.6: Advancing the Art of Complex Agent-Based Modeling and Simulation},
url={http://dx.doi.org/10.1007/978-3-642-44927-7_9},
publisher={Springer Berlin Heidelberg},
keywords={Agent-based modeling; simulation; GIS; multi-level; ODE; platform; visualization; complex systems},
author={Grignard, Arnaud and Taillandier, Patrick and Gaudou, Benoit and Vo, DucAn and Huynh, NghiQuang and Drogoul, Alexis},
pages={117-131},
language={English}
}



